<record><leader>00000cas a2200000 a 4500</leader><controlfield tag="001">13380852</controlfield><controlfield tag="008">860402c19049999moudr ne      0   a0eng c</controlfield><datafield ind1=" " ind2=" " tag="010"><subfield code="a">sn 86063306 </subfield></datafield><datafield ind1=" " ind2=" " tag="040"><subfield code="a">KSH</subfield><subfield code="b">eng</subfield><subfield code="c">KSH</subfield><subfield code="d">NPT</subfield><subfield code="d">MQN</subfield><subfield code="d">OCL</subfield><subfield code="d">NSD</subfield><subfield code="d">NVF</subfield><subfield code="d">OCLCQ</subfield><subfield code="d">OCLCF</subfield><subfield code="d">OCLCO</subfield><subfield code="d">CUS</subfield><subfield code="d">OCLCA</subfield></datafield><datafield ind1="1" ind2=" " tag="022"><subfield code="a">1543-6535</subfield><subfield code="l">1543-6535</subfield><subfield code="2">1</subfield></datafield><datafield ind1="1" ind2=" " tag="029"><subfield code="a">AU@</subfield><subfield code="b">000022167857</subfield></datafield><datafield ind1="1" ind2=" " tag="029"><subfield code="a">NZ1</subfield><subfield code="b">16074391</subfield></datafield><datafield ind1=" " ind2=" " tag="042"><subfield code="a">pcc</subfield><subfield code="a">nsdp</subfield></datafield><datafield ind1="1" ind2="0" tag="050"><subfield code="a">ISSN RECORD</subfield></datafield><datafield ind1=" " ind2="4" tag="050"><subfield code="a">AN</subfield></datafield><datafield ind1=" " ind2="4" tag="082"><subfield code="a">071</subfield></datafield><datafield ind1="0" ind2=" " tag="130"><subfield code="a">Columbia daily tribune (Columbia, Mo. : 1904)</subfield></datafield><datafield ind1=" " ind2="0" tag="222"><subfield code="a">Columbia daily tribune</subfield><subfield code="b">(Columbia, Mo. 1904)</subfield></datafield><datafield ind1="0" ind2="0" tag="245"><subfield code="a">Columbia daily tribune.</subfield></datafield><datafield ind1=" " ind2=" " tag="260"><subfield code="a">Columbia, Mo. :</subfield><subfield code="b">Mitchell &amp; Strong,</subfield><subfield code="c">1904-</subfield></datafield><datafield ind1=" " ind2=" " tag="300"><subfield code="a">v.</subfield></datafield><datafield ind1=" " ind2=" " tag="310"><subfield code="a">Daily</subfield></datafield><datafield ind1=" " ind2=" " tag="336"><subfield code="a">text</subfield><subfield code="b">txt</subfield><subfield code="2">rdacontent</subfield></datafield><datafield ind1=" " ind2=" " tag="337"><subfield code="a">unmediated</subfield><subfield code="b">n</subfield><subfield code="2">rdamedia</subfield></datafield><datafield ind1=" " ind2=" " tag="338"><subfield code="a">volume</subfield><subfield code="b">nc</subfield><subfield code="2">rdacarrier</subfield></datafield><datafield ind1="0" ind2=" " tag="362"><subfield code="a">Vol. 3, no. 114 (Jan. 26, 1904)-</subfield></datafield><datafield ind1=" " ind2="0" tag="651"><subfield code="a">Columbia (Mo.)</subfield><subfield code="v">Newspapers.</subfield></datafield><datafield ind1=" " ind2="7" tag="651"><subfield code="a">Missouri</subfield><subfield code="z">Columbia.</subfield><subfield code="2">fast</subfield><subfield code="0">(OCoLC)fst01205914</subfield></datafield><datafield ind1=" " ind2="7" tag="655"><subfield code="a">Newspapers.</subfield><subfield code="2">fast</subfield><subfield code="0">(OCoLC)fst01423814</subfield></datafield><datafield ind1=" " ind2=" " tag="752"><subfield code="a">United States</subfield><subfield code="b">Missouri</subfield><subfield code="c">Boone</subfield><subfield code="d">Columbia.</subfield></datafield><datafield ind1="0" ind2="0" tag="780"><subfield code="t">Daily tribune (Columbia, Mo.)</subfield><subfield code="w">(DLC)sn 89066326</subfield><subfield code="w">(OCoLC)19609583</subfield></datafield><datafield ind1="4" ind2="1" tag="856"><subfield code="z">Full text available from Newspaper Source: 10/02/1999 to present</subfield><subfield code="u">http://search.ebscohost.com/login.aspx?direct=true&amp;db=nfh&amp;jn=Columbia+Daily+Tribune+(MO)&amp;site=ehost-live&amp;scope=site</subfield></datafield></record>